@ONLINE{ki,
	title = {https://www2.deloitte.com/de/de/pages/technology-media-and-telecommunications/articles/ki-studie-2020.html},
	url = {https://www2.deloitte.com/de/de/pages/technology-media-and-telecommunications/articles/ki-studie-2020.html},
	note = {KI-Studie 2020, abgerufan am 24.06.2022}
}

@ONLINE{reversi,
	title = {http://www.cyningstan.com/game/73/reversi},
	url = {http://www.cyningstan.com/game/73/reversi]},
	note = {Reversi Geschichte und Regeln, abgerufen am 24.06.2022}
}